<?xml version = "1.0" encoding = "UTF-8"?><OAI-PMH xmlns="http://www.openarchives.org/OAI/2.0/" xmlns:xsi="http://www.w3.org/2001/XMLSchema-instance" xsi:schemaLocation="http://www.openarchives.org/OAI/2.0/ http://www.openarchives.org/OAI/2.0/OAI-PMH.xsd"><ListRecords><record><header><identifier>aleph-publish:005697998</identifier></header><metadata><record xmlns="http://www.ddb.de/professionell/mabxml/mabxml-1.xsd"><leader>00568vM2.01200024------h</leader><controlfield tag="LDR">00568vM2.01200024------h</controlfield><controlfield tag="FMT">MH</controlfield><datafield tag="001" ind1="-" ind2="1"><subfield code="a">HT006721996</subfield></datafield><datafield tag="002" ind1="a" ind2="1"><subfield code="a">19981026</subfield></datafield><datafield tag="003" ind1="-" ind2="1"><subfield code="a">20020426</subfield></datafield><controlfield tag="030">a|1uc||||||17</controlfield><datafield tag="036" ind1="a" ind2="1"><subfield code="a">DE</subfield></datafield><datafield tag="037" ind1="b" ind2="1"><subfield code="a">ger</subfield></datafield><controlfield tag="050">a|||||||||||||</controlfield><controlfield tag="051">t|||||||</controlfield><datafield tag="070" ind1="-" ind2="1"><subfield code="a">292</subfield></datafield><datafield tag="070" ind1="b" ind2="1"><subfield code="a">HBZ/Red</subfield></datafield><datafield tag="080" ind1="-" ind2="1"><subfield code="a">60</subfield></datafield><datafield tag="100" ind1="-" ind2="1"><subfield code="p">Berger, Rolf</subfield><subfield code="9">(DE-588)104763264</subfield></datafield><datafield tag="331" ind1="-" ind2="1"><subfield code="a">Hirsauer Baukunst</subfield></datafield><datafield tag="335" ind1="-" ind2="1"><subfield code="a">ihre Grundlagen, Geschichte und Bedeutung</subfield></datafield><datafield tag="359" ind1="-" ind2="1"><subfield code="a">Rolf Berger</subfield></datafield><datafield tag="410" ind1="-" ind2="1"><subfield code="a">Witterschlick/Bonn</subfield></datafield><datafield tag="412" ind1="-" ind2="1"><subfield code="a">Wehle</subfield></datafield><datafield tag="425" ind1="b" ind2="1"><subfield code="a">1995</subfield></datafield><datafield tag="451" ind1="-" ind2="1"><subfield code="a">Beiträge zur Kunstgeschichte ; 12</subfield></datafield><datafield tag="453" ind1="-" ind2="1"><subfield code="a">HT003232110</subfield></datafield><datafield tag="455" ind1="-" ind2="1"><subfield code="a">12</subfield></datafield><datafield tag="456" ind1="-" ind2="1"><subfield code="a">12</subfield></datafield><datafield tag="523" ind1="-" ind2="1"><subfield code="p">Erschienen</subfield><subfield code="a">Bd. 1 - 2 in drei Bd.</subfield></datafield><datafield tag="540" ind1="a" ind2="1"><subfield code="a">3-89573-043-2</subfield></datafield><datafield tag="540" ind1="a" ind2="1"><subfield code="a">3-89573-044-0</subfield></datafield><datafield tag="902" ind1="-" ind2="1"><subfield code="s">Hirsauer Bauschule</subfield><subfield code="9">(DE-588)4159949-4</subfield></datafield><datafield tag="902" ind1="-" ind2="1"><subfield code="z">Geschichte</subfield></datafield><controlfield tag="SYS">005697998</controlfield><datafield tag="LOW" ind1="-" ind2="1"><subfield code="a">A0001</subfield></datafield><datafield tag="LOW" ind1="-" ind2="1"><subfield code="a">B0001</subfield></datafield><datafield tag="LOW" ind1="-" ind2="1"><subfield code="a">L0001</subfield></datafield><datafield tag="LOW" ind1="-" ind2="1"><subfield code="a">Q0001</subfield></datafield><datafield tag="LOW" ind1="-" ind2="1"><subfield code="a">Q1142</subfield></datafield><datafield tag="952" ind1="-" ind2="1"><subfield code="g">Hirsau</subfield><subfield code="x">Künstlerschule</subfield></datafield><datafield tag="088" ind1=" " ind2=" "><subfield code="a">5</subfield><subfield code="b">00000010</subfield><subfield code="c">97/328</subfield><subfield code="e">ILL Ausleihe</subfield></datafield><datafield tag="088" ind1=" " ind2=" "><subfield code="a">Tr 2</subfield><subfield code="b">M</subfield><subfield code="c">FB 385</subfield><subfield code="e">Überordnung</subfield></datafield><datafield tag="088" ind1=" " ind2=" "><subfield code="a">385</subfield><subfield code="b">33</subfield><subfield code="c">DT.HIR/pb19372</subfield><subfield code="e">Keine Angabe</subfield></datafield><datafield tag="088" ind1=" " ind2=" "><subfield code="a">Lan 1</subfield><subfield code="c">kun 41-350/</subfield><subfield code="e">Dienstgebrauch</subfield></datafield><datafield tag="088" ind1=" " ind2=" "><subfield code="a">51</subfield></datafield><datafield tag="088" ind1=" " ind2=" "><subfield code="a">5/7</subfield></datafield><datafield tag="088" ind1=" " ind2=" "><subfield code="a">294</subfield></datafield><datafield tag="088" ind1=" " ind2=" "><subfield code="a">82</subfield></datafield></record></metadata></record></ListRecords></OAI-PMH>